@misc{
	rpd,
	title="Положение о порядке разработки и утверждение рабочей программы дисциплины [Электронный ресурс]",
	howpublished="Режим доступа: \url{https://www.volgmed.ru/uploads/files/2010-11/1180-polozhenie_o_poryadke_razrabotki_i_utverzhdeniya_rabochej_programmy_uchebnoj_discipliny_(kursa).doc} (дата обращения: \today)"
}

@misc {
	fos,
	title="Положение об оценочных материалах (фондах оценочных средств) [Электронный ресурс]",
	howpublished="Режим доступа: \url{http://www.osu.ru/doc/3825} (дата обращения: \today)"
}

@misc {
	lms,
	title="Learning Management System (LMS) — HSE [Электронный ресурс]",
	howpublished="Режим доступа: \url{https://www.hse.ru/en/studyspravka/lms_student/} (дата обращения: \today)"
}

@misc {
	ms-word,
	title="Microsoft Word - Word Processing Software | Microsoft 365 [Электронный ресурс]",
	howpublished="Режим доступа: \url{https://www.microsoft.com/en-us/microsoft-365/word} (дата обращения: \today)"
}

@misc{standard,
title="Образовательные стандарты | МГТУ им. Н. Э. Баумана [Электронный ресурс]",
howpublished="Режим доступа: \url{https://bmstu.ru/plain/eduStandarts/} (дата обращения: \today)"
}

@misc{bmstu,
title="МГТУ им. Н. Э. Баумана -- Официальный сайт [Электронный ресурс]",
howpublished="Режим доступа: \url{https://bmstu.ru/} (дата обращения: \today)"
}

@misc{database,
title="Что такое база данных | Oracle Россия и СНГ [Электронный ресурс]",
howpublished="Режим доступа: \url{https://www.oracle.com/ru/database/what-is-database/} (дата обращения: \today)"
}

@misc{subd,
title="Что такое СУБД - RU-CENTER [Электронный ресурс]",
howpublished="Режим доступа: \url{https://www.nic.ru/help/chto-takoe-subd_8580.html} (дата обращения: \today)"
}

@misc{microservice,
title="Что такое микросервисная архитектура: простое объяснение | MCS Mail.ru [Электронный ресурс]",
howpublished="Режим доступа: \url{https://mcs.mail.ru/blog/prostym-jazykom-o-mikroservisnoj-arhitekture} (дата обращения: \today)"
}

@misc{race-condition,
title="Race conditions and deadlocks - Microsoft Docs [Электронный ресурс]",
howpublished="Режим доступа: \url{https://docs.microsoft.com/en-us/troubleshoot/dotnet/visual-basic/race-conditions-deadlocks} (дата обращения: \today)"
}

@misc{oltp,
title="What is OLTP? | IBM [Электронный ресурс]",
howpublished="Режим доступа: \url{https://www.ibm.com/cloud/learn/oltp} (дата обращения: \today)"
}

@misc{olap,
title="What is OLAP? | IBM [Электронный ресурс]",
howpublished="Режим доступа: \url{https://www.ibm.com/cloud/learn/olap} (дата обращения: \today)"
}

@misc{plpython3u,
title="PostgreSQL: Документация: 9.6: 44.1. Python 2 и Python 3. [Электронный ресурс]",
howpublished="Режим доступа: \url{https://postgrespro.ru/docs/postgresql/9.6/plpython-python23} (дата обращения: \today)"
}

@misc{postgresql,
title="PostgreSQL: Документация. [Электронный ресурс]",
howpublished="Режим доступа: \url{https://postgrespro.ru/docs/postgresql/} (дата обращения: \today)"
}

@misc{oracle,
title="SQL Language | Oracle[Электронный ресурс]",
howpublished="Режим доступа: \url{https://www.oracle.com/database/technologies/appdev/sql.html} (дата обращения: \today)"
}

@misc{mysql,
title="MySQL Database Service is a fully managed database service to deploy cloud-native applications. [Электронный ресурс]",
howpublished="Режим доступа: \url{https://www.mysql.com/} ((дата обращения: \today)"
}

@misc{postgresql-fact,
title="PostgreSQL: вчера, сегодня, завтра [Электронный ресурс]",
howpublished="Режим доступа: \url{https://postgrespro.ru/blog/media/17768} (дата обращения: \today)"
}

@misc{acid,
title="Транзакции, ACID, CAP | GeekBrains [Электронный ресурс]",
howpublished="Режим доступа: \url{https://gb.ru/posts/acid_cap_transactions} (дата обращения: \today)"
}

@misc{mvcc,
title="Documentation: 12: 13.1. Introduction - PostgreSQL [Электронный ресурс]",
howpublished="Режим доступа: \url{https://www.postgresql.org/docs/12/mvcc-intro.html} (дата обращения: \today)"
}

@misc{r-lock,
title="Применение блокировок чтения/записи | IBM [Электронный ресурс]",
howpublished="Режим доступа: \url{https://www.ibm.com/docs/ru/aix/7.2?topic=programming-using-readwrite-locks} (дата обращения: \today)"
}

@misc{lru,
title=" LRU, метод вытеснения из кэша | Habr [Электронный ресурс]",
howpublished="Режим доступа: \url{https://habr.com/ru/post/136758/} (дата обращения: \today)"
}

@misc{oracle-company,
title="Oracle | Integrated Cloud Applications and Platform Services [Электронный ресурс]",
howpublished="Режим доступа: \url{https://www.oracle.com/index.html} (дата обращения: \today)"
}

@misc{oracle-popular,
title="DB-Engines Ranking [Электронный ресурс]",
howpublished="Режим доступа: \url{https://db-engines.com/en/ranking} (дата обращения: \today)"
}

@misc{myisam,
title="MySQL Reference Manual 16.2: The MyISAM Storage Engine [Электронный ресурс]",
howpublished="Режим доступа: \url{https://dev.mysql.com/doc/refman/8.0/en/myisam-storage-engine.html} (дата обращения: \today)"
}

@misc{innodb,
title="MySQL Reference Manual 8.0: The InnoDB Storage Enginee [Электронный ресурс]",
howpublished="Режим доступа: \url{https://dev.mysql.com/doc/refman/8.0/en/innodb-storage-engine.html} (дата обращения: \today)"
}

@misc{php,
title="PHP: Hypertext Preprocessor [Электронный ресурс]",
howpublished="Режим доступа: \url{https://www.php.net/} (дата обращения: \today)"
}

@misc{perl,
title="
The Perl Programming Language [Электронный ресурс]",
howpublished="Режим доступа: \url{https://www.perl.org/} (дата обращения: \today)"
}

@misc{datomic,
title="Overview | Datomic [Электронный ресурс]",
howpublished="Режим доступа: \url{https://docs.datomic.com/on-prem/overview/overview.html} (дата обращения: \today)"
}

@misc {
	datalog,
	title="Datalog: Deductive Database Programming [Электронный ресурс]",
	howpublished="Режим доступа: \url{https://docs.racket-lang.org/datalog/} (дата обращения: \today)"
}

@misc{redis,
title="Redis is an open source (BSD licensed), in-memory data structure store, used as a database, cache, and message broker [Электронный ресурс]",
howpublished="Режим доступа: \url{https://redis.io/} (дата обращения: \today)"
}

@misc{lua,
title="The Programming Language Lua [Электронный ресурс]",
howpublished="Режим доступа: \url{http://www.lua.org/} (дата обращения: \today)"
}

@misc{
	master-slave,
	title="Tech Confronts Its Use of the Labels <<Master>> and <<Slave>> [Электронный ресурс]",
	howpublished="Режим доступа: \url{https://www.wired.com/story/tech-confronts-use-labels-master-slave/} (дата обращения: \today)"
}

@misc{master-master,
title="How To Set Up MySQL Master-Master Replication [Электронный ресурс]",
howpublished="Режим доступа: \url{https://www.digitalocean.com/community/tutorials/how-to-set-up-mysql-master-master-replication} (дата обращения: \today)"
}

@misc{memtx-vinyl,
title="Движки базы данных | Tarantool [Электронный ресурс]",
howpublished="Режим доступа: \url{https://www.tarantool.io/ru/doc/latest/book/box/engines/} (дата обращения: \today)"
}

@misc{nosql,
title="Что такое NoSQL? | Amazon AWS [Электронный ресурс]",
howpublished="Режим доступа: \url{https://aws.amazon.com/ru/nosql/} (дата обращения: \today)"
}

@article{er-chen,
author = {Chen, Peter Pin-Shan},
title = {The Entity-Relationship Model—toward a Unified View of Data},
year = {1976},
issue_date = {March 1976},
publisher = {Association for Computing Machinery},
address = {New York, NY, USA},
volume = {1},
number = {1},
journal = {ACM Trans. Database Syst.},
month = {mar},
pages = {9–36},
numpages = {28},
}

@misc{
	backref,
	title="Linking Relationships with Backref [Электронный ресурс]",
	howpublished="Режим доступа: \url{https://docs.sqlalchemy.org/en/14/orm/backref.html} (дата обращения: \today)"
}

@misc{
clojure,
title="Clojure [Электронный ресурс]",
howpublished="Режим доступа: \url{https://clojure.org/} (дата обращения: \today)"
}

@misc{
cljs,
title="ClojureScript [Электронный ресурс]",
howpublished="Режим доступа: \url{https://clojurescript.org/} (дата обращения: \today)"
}

@misc{
rpc,
title="Remote Procedure Call -- IBM Documentation [Электронный ресурс]",
howpublished="Режим доступа: \url{https://www.ibm.com/docs/en/aix/7.1?topic=concepts-remote-procedure-call} (дата обращения: \today)"
}

@misc{kali,
title="Our Most Advanced Penetration Testing Distribution, Ever. [Электронный ресурс]",
howpublished="Режим доступа: \url{https://kali.org/} (дата обращения: \today)"
}


@misc{linux,
title="Linux -- Википедия [Электронный ресурс]",
howpublished="Режим доступа: \url{https://ru.wikipedia.org/wiki/Linux} (дата обращения: \today)"
}

@misc{intel,
title="Intel Processors [Электронный ресурс]",
howpublished="Режим доступа: \url{https://www.intel.com/content/www/us/en/products/processors/core/i5-processors.html} (дата обращения: \today)"
}

@misc{swap,
title="SWAP File Definition -- Tech definitions [Электронный ресурс]",
howpublished="Режим доступа: \url{https://techterms.com/definition/swap_file} (дата обращения: \today)"
}

@misc{ssd,
title="SSD Definition -- Tech definitions [Электронный ресурс]",
howpublished="Режим доступа: \url{https://techterms.com/definition/ssd} (дата обращения: \today)"
}

@misc{evo,
title="Samsung NVMe 980 M.2 512GB [Электронный ресурс]",
howpublished="Режим доступа: \url{https://www.samsung.com/ru/memory-storage/nvme-ssd/980-480gb-nvme-pcie-gen-3-mz-v8v500bw/} (дата обращения: \today)"
}

@misc{kuber,
title="Что такое Kubernetes | Kubernetes [Электронный ресурс]",
howpublished="Режим доступа: \url{https://kubernetes.io/ru/docs/concepts/overview/what-is-kubernetes/} (дата обращения: \today)"
}
